@book{murphy,
    title = {Machine Learning : A Probabilistic Perspective},
    author = {Kevin P. Murphy},
    isbn = {0262018020},
    year = {2012},
    publisher = {MIT Press}
}

@online{551website,
    author = "Siamak Ravanbakhsh",
    title = "Applied Machine Learning. COMP 551 - Fall 2020", 
    url = "https://www.siamak.page/teachings/comp551f20/comp551f20/"
}
